<?xml version="1.0" encoding="UTF-8"?>
<collection xmlns:xsi="http://www.w3.org/2001/XMLSchema-instance" xsi:schemaLocation="http://www.loc.gov/MARC21/slim http://www.loc.gov/standards/marcxml/schema/MARC21slim.xsd" xmlns="http://www.loc.gov/MARC21/slim">
<record>
  <leader>01449cam a2200337I  4500</leader>
  <controlfield tag="001">4199802</controlfield>
  <controlfield tag="003">NNC</controlfield>
  <controlfield tag="005">20131118214947.0</controlfield>
  <controlfield tag="008">901030s1966    iq       b    000 0 arar </controlfield>
  <datafield tag="010" ind1=" " ind2=" ">
    <subfield code="a">ne 68002489 </subfield>
  </datafield>
  <datafield tag="035" ind1=" " ind2=" ">
    <subfield code="a">(OCoLC)ocm22609166</subfield>
  </datafield>
  <datafield tag="035" ind1=" " ind2=" ">
    <subfield code="a">(NNC)4199802</subfield>
  </datafield>
  <datafield tag="040" ind1=" " ind2=" ">
    <subfield code="a">DLC</subfield>
    <subfield code="c">WAU</subfield>
    <subfield code="d">OCLCQ</subfield>
    <subfield code="d">ZCU</subfield>
  </datafield>
  <datafield tag="043" ind1=" " ind2=" ">
    <subfield code="a">ma-----</subfield>
  </datafield>
  <datafield tag="050" ind1="0" ind2=" ">
    <subfield code="a">PJ819.I55</subfield>
    <subfield code="b">I7</subfield>
  </datafield>
  <datafield tag="099" ind1=" " ind2=" ">
    <subfield code="a">892.88</subfield>
    <subfield code="a">As25</subfield>
    <subfield code="a">no.9</subfield>
  </datafield>
  <datafield tag="100" ind1="0" ind2=" ">
    <subfield code="a">Ismā'īl ibn 'Abd al-Rasūl,</subfield>
    <subfield code="d">-1769 or 1770.</subfield>
  </datafield>
  <datafield tag="245" ind1="1" ind2="0">
    <subfield code="a">Fahrasat al-kutub wa-al-rasāʾil wa-li-man hiya min al-ʻulamāʾ wa-al-aʾimmah wa-al-ḥudūd al-afāḍil,</subfield>
    <subfield code="c">lil-Majdūʻ Ismāʻīl ibn ʻAbd al-Rasūl al-Ujjayī Ḥaqqaqahu wa-ʻallaqa ʻalayhi wa-qaddama lahu ʻAlīnaqī Munzavī.</subfield>
  </datafield>
  <datafield tag="260" ind1=" " ind2=" ">
    <subfield code="a">Tihrān,</subfield>
    <subfield code="b">Chāpʹkhānah-ʾi Dānishgāh,</subfield>
    <subfield code="c">1966.</subfield>
  </datafield>
  <datafield tag="300" ind1=" " ind2=" ">
    <subfield code="a">419 p.</subfield>
    <subfield code="c">25 cm.</subfield>
  </datafield>
  <datafield tag="490" ind1="1" ind2=" ">
    <subfield code="a">Manshūrāt Maktabat al-Asadī bi-Ṭihrān ;</subfield>
    <subfield code="v">raqm 9</subfield>
  </datafield>
  <datafield tag="500" ind1=" " ind2=" ">
    <subfield code="a">Added t.p.: Fihrist al-Majduʻ, by Ismaʾil b. Abd ar-Rasul al-Ujjaini al-mulaqqab al-Majduʻ.</subfield>
  </datafield>
  <datafield tag="500" ind1=" " ind2=" ">
    <subfield code="a">Also known under title al-Majmūʻ fī fihrist al-kutub.</subfield>
  </datafield>
  <datafield tag="504" ind1=" " ind2=" ">
    <subfield code="a">Bibliographical footnotes.</subfield>
  </datafield>
  <datafield tag="650" ind1=" " ind2="0">
    <subfield code="a">Ismaili literature</subfield>
    <subfield code="x">History and criticism.</subfield>
  </datafield>
  <datafield tag="650" ind1=" " ind2="0">
    <subfield code="a">Ismaili literature</subfield>
    <subfield code="v">Bibliography.</subfield>
  </datafield>
  <datafield tag="700" ind1="1" ind2=" ">
    <subfield code="a">Munzavī, ʻAlī Naqī,</subfield>
    <subfield code="e">editor.</subfield>
  </datafield>
  <datafield tag="740" ind1="0" ind2="2">
    <subfield code="a">Fihrist al-Majdūʻ.</subfield>
  </datafield>
  <datafield tag="740" ind1="0" ind2="2">
    <subfield code="a">Majmūʻfī fihrist al-kutub.</subfield>
  </datafield>
  <datafield tag="830" ind1=" " ind2="0">
    <subfield code="a">Manshūrāt Maktabat al-Asadī bi-Ṭihrān ;</subfield>
    <subfield code="v">raqm 9.</subfield>
  </datafield>
  <datafield tag="955" ind1=" " ind2=" ">
    <subfield code="b">CU59024860</subfield>
    <subfield code="d">off,glx</subfield>
    <subfield code="e">892.88 As25 no.9</subfield>
  </datafield>
</record>
</collection>